@book{borte2013kook,
  title={The Kook's Guide to Surfing: The Ultimate Instruction Manual: How to Ride Waves with Skill, Style, and Etiquette},
  author={Borte, J. and Brown, M.},
  isbn={9781620877234},
  url={https://books.google.com/books?id=xjJrCgAAQBAJ},
  year={2013},
  publisher={Skyhorse}
}
